@inproceedings{liu2005opinion,
  title={Opinion observer: analyzing and comparing opinions on the web},
  author={Liu, Bing and Hu, Minqing and Cheng, Junsheng},
  booktitle={Proceedings of the 14th international conference on World Wide Web},
  pages={342--351},
  year={2005},
  organization={ACM}
}


@inproceedings{mcauley2013amateurs,
  title={From amateurs to connoisseurs: modeling the evolution of user expertise through online reviews},
  author={McAuley, Julian John and Leskovec, Jure},
  booktitle={Proceedings of the 22nd international conference on World Wide Web},
  pages={897--908},
  year={2013},
  organization={International World Wide Web Conferences Steering Committee}
}

@inproceedings{beineke2004exploring,
  title={Exploring sentiment summarization},
  author={Beineke, Philip and Hastie, Trevor and Manning, Christopher and Vaithyanathan, Shivakumar},
  booktitle={AAAI Spring Symposium on Exploring Attitude and Affect in Text: Theories and Applications (AAAI tech report SS-04-07)},
  year={2004}
}


@inproceedings{hu2004mining,
  title={Mining and summarizing customer reviews},
  author={Hu, Minqing and Liu, Bing},
  booktitle={Proceedings of the tenth ACM SIGKDD international conference on Knowledge discovery and data mining},
  pages={168--177},
  year={2004},
  organization={ACM}
}


@incollection{wiebe2005creating,
  title={Creating subjective and objective sentence classifiers from unannotated texts},
  author={Wiebe, Janyce and Riloff, Ellen},
  booktitle={Computational Linguistics and Intelligent Text Processing},
  pages={486--497},
  year={2005},
  publisher={Springer}
}


@inproceedings{mullen2004sentiment,
  title={Sentiment Analysis using Support Vector Machines with Diverse Information Sources.},
  author={Mullen, Tony and Collier, Nigel},
  booktitle={EMNLP},
  volume={4},
  pages={412--418},
  year={2004}
}

@inproceedings{yu2003towards,
  title={Towards answering opinion questions: Separating facts from opinions and identifying the polarity of opinion sentences},
  author={Yu, Hong and Hatzivassiloglou, Vasileios},
  booktitle={Proceedings of the 2003 conference on Empirical methods in natural language processing},
  pages={129--136},
  year={2003},
  organization={Association for Computational Linguistics}
}

@inproceedings{zhuang2006movie,
  title={Movie review mining and summarization},
  author={Zhuang, Li and Jing, Feng and Zhu, Xiao-Yan},
  booktitle={Proceedings of the 15th ACM international conference on Information and knowledge management},
  pages={43--50},
  year={2006},
  organization={ACM}
}

@inproceedings{jakob2009beyond,
  title={Beyond the stars: exploiting free-text user reviews to improve the accuracy of movie recommendations},
  author={Jakob, Niklas and Weber, Stefan Hagen and M{\"u}ller, Mark Christoph and Gurevych, Iryna},
  booktitle={Proceedings of the 1st international CIKM workshop on Topic-sentiment analysis for mass opinion},
  pages={57--64},
  year={2009},
  organization={ACM}
}


@article{pang2008opinion,
  title={Opinion mining and sentiment analysis},
  author={Pang, Bo and Lee, Lillian},
  journal={Foundations and trends in information retrieval},
  volume={2},
  number={1-2},
  pages={1--135},
  year={2008},
  publisher={Now Publishers Inc.}
}


@book{dale2000handbook,
  title={Handbook of natural language processing},
  author={Dale, Robert and Moisl, Hermann and Somers, Harold},
  year={2000},
  publisher={CRC Press}
}

@book{liu2007web,
  title={Web data mining},
  author={Liu, Bing},
  year={2007},
  publisher={Springer}
}

@inproceedings{liu2005opinion,
  title={Opinion observer: analyzing and comparing opinions on the web},
  author={Liu, Bing and Hu, Minqing and Cheng, Junsheng},
  booktitle={Proceedings of the 14th international conference on World Wide Web},
  pages={342--351},
  year={2005},
  organization={ACM}
}

@inproceedings{blair2008building,
  title={Building a sentiment summarizer for local service reviews},
  author={Blair-Goldensohn, Sasha and Hannan, Kerry and McDonald, Ryan and Neylon, Tyler and Reis, George A and Reynar, Jeff},
  booktitle={WWW Workshop on NLP in the Information Explosion Era},
  pages={14},
  year={2008}
}

@article{thet2010aspect,
  title={Aspect-based sentiment analysis of movie reviews on discussion boards},
  author={Thet, Tun Thura and Na, Jin-Cheon and Khoo, Christopher SG},
  journal={Journal of Information Science},
  pages={0165551510388123},
  year={2010},
  publisher={Sage Publications}
}

@inproceedings{turney2002thumbs,
  title={Thumbs up or thumbs down?: semantic orientation applied to unsupervised classification of reviews},
  author={Turney, Peter D},
  booktitle={Proceedings of the 40th annual meeting on association for computational linguistics},
  pages={417--424},
  year={2002},
  organization={Association for Computational Linguistics}
}

@inproceedings{pang2002thumbs,
  title={Thumbs up?: sentiment classification using machine learning techniques},
  author={Pang, Bo and Lee, Lillian and Vaithyanathan, Shivakumar},
  booktitle={Proceedings of the ACL-02 conference on Empirical methods in natural language processing-Volume 10},
  pages={79--86},
  year={2002},
  organization={Association for Computational Linguistics}
}

% supervised svm
@inproceedings{bickerstaffe2010hierarchical,
  title={A hierarchical classifier applied to multi-way sentiment detection},
  author={Bickerstaffe, Adrian and Zukerman, Ingrid},
  booktitle={Proceedings of the 23rd International Conference on Computational Linguistics},
  pages={62--70},
  year={2010},
  organization={Association for Computational Linguistics}
}

% supervised svm
@inproceedings{burfoot2011collective,
  title={Collective classification of congressional floor-debate transcripts},
  author={Burfoot, Clinton and Bird, Steven and Baldwin, Timothy},
  booktitle={Proceedings of the 49th Annual Meeting of the Association for Computational Linguistics: Human Language Technologies-Volume 1},
  pages={1506--1515},
  year={2011},
  organization={Association for Computational Linguistics}
}

@inproceedings{hu2013unsupervised,
  title={Unsupervised sentiment analysis with emotional signals},
  author={Hu, Xia and Tang, Jiliang and Gao, Huiji and Liu, Huan},
  booktitle={Proceedings of the 22nd international conference on World Wide Web},
  pages={607--618},
  year={2013},
  organization={International World Wide Web Conferences Steering Committee}
}

@inproceedings{kim2004determining,
  title={Determining the sentiment of opinions},
  author={Kim, Soo-Min and Hovy, Eduard},
  booktitle={Proceedings of the 20th international conference on Computational Linguistics},
  pages={1367},
  year={2004},
  organization={Association for Computational Linguistics}
}

@inproceedings{hiroshi2004deeper,
  title={Deeper sentiment analysis using machine translation technology},
  author={Hiroshi, Kanayama and Tetsuya, Nasukawa and Hideo, Watanabe},
  booktitle={Proceedings of the 20th international conference on Computational Linguistics},
  pages={494},
  year={2004},
  organization={Association for Computational Linguistics}
}

@inproceedings{devitt2007sentiment,
  title={Sentiment polarity identification in financial news: A cohesion-based approach},
  author={Devitt, Ann and Ahmad, Khurshid},
  booktitle={ACL},
  year={2007},
  organization={Citeseer}
}

@inproceedings{mullen2004sentiment,
  title={Sentiment Analysis using Support Vector Machines with Diverse Information Sources.},
  author={Mullen, Tony and Collier, Nigel},
  booktitle={EMNLP},
  volume={4},
  pages={412--418},
  year={2004}
}

@inproceedings{wilson2005recognizing,
  title={Recognizing contextual polarity in phrase-level sentiment analysis},
  author={Wilson, Theresa and Wiebe, Janyce and Hoffmann, Paul},
  booktitle={Proceedings of the conference on human language technology and empirical methods in natural language processing},
  pages={347--354},
  year={2005},
  organization={Association for Computational Linguistics}
}

@inproceedings{titov2008joint,
  title={A Joint Model of Text and Aspect Ratings for Sentiment Summarization.},
  author={Titov, Ivan and McDonald, Ryan T},
  booktitle={ACL},
  volume={8},
  pages={308--316},
  year={2008},
  organization={Citeseer}
}

@inproceedings{blitzer2007biographies,
  title={Biographies, bollywood, boom-boxes and blenders: Domain adaptation for sentiment classification},
  author={Blitzer, John and Dredze, Mark and Pereira, Fernando},
  booktitle={ACL},
  volume={7},
  pages={440--447},
  year={2007},
  organization={Citeseer}
}

@inproceedings{andreevskaia2007clac,
  title={CLaC and CLaC-NB: Knowledge-based and corpus-based approaches to sentiment tagging},
  author={Andreevskaia, Alina and Bergler, Sabine},
  booktitle={Proceedings of the 4th International Workshop on Semantic Evaluations},
  pages={117--120},
  year={2007},
  organization={Association for Computational Linguistics}
}

@inproceedings{jo2011aspect,
  title={Aspect and sentiment unification model for online review analysis},
  author={Jo, Yohan and Oh, Alice H},
  booktitle={Proceedings of the fourth ACM international conference on Web search and data mining},
  pages={815--824},
  year={2011},
  organization={ACM}
}

@inproceedings{liu2002partially,
  title={Partially supervised classification of text documents},
  author={Liu, Bing and Lee, Wee Sun and Yu, Philip S. and Li, Xiaoli},
  booktitle={ICML},
  volume={2},
  pages={387--394},
  year={2002},
  organization={Citeseer}
}

@inproceedings{heller2005bayesian,
  title={Bayesian hierarchical clustering},
  author={Heller, Katherine A and Ghahramani, Zoubin},
  booktitle={Proceedings of the 22nd international conference on Machine learning},
  pages={297--304},
  year={2005},
  organization={ACM}
}

@inproceedings{hu2004mining,
  title={Mining and summarizing customer reviews},
  author={Hu, Minqing and Liu, Bing},
  booktitle={Proceedings of the tenth ACM SIGKDD international conference on Knowledge discovery and data mining},
  pages={168--177},
  year={2004},
  organization={ACM}
}

@inproceedings{zhuang2006movie,
  title={Movie review mining and summarization},
  author={Zhuang, Li and Jing, Feng and Zhu, Xiao-Yan},
  booktitle={Proceedings of the 15th ACM international conference on Information and knowledge management},
  pages={43--50},
  year={2006},
  organization={ACM}
}

@inproceedings{popescu2005opine,
  title={OPINE: Extracting product features and opinions from reviews},
  author={Popescu, Ana-Maria and Nguyen, Bao and Etzioni, Oren},
  booktitle={Proceedings of HLT/EMNLP on interactive demonstrations},
  pages={32--33},
  year={2005},
  organization={Association for Computational Linguistics}
}

@article{qiu2011opinion,
  title={Opinion word expansion and target extraction through double propagation},
  author={Qiu, Guang and Liu, Bing and Bu, Jiajun and Chen, Chun},
  journal={Computational linguistics},
  volume={37},
  number={1},
  pages={9--27},
  year={2011},
  publisher={MIT Press}
}